<?xml version="1.0" encoding="UTF-8"?>
<!DOCTYPE html PUBLIC "-//W3C//DTD XHTML 1.0 Transitional//EN"
    "http://www.w3.org/TR/xhtml1/DTD/xhtml1-transitional.dtd">
<html xmlns="http://www.w3.org/1999/xhtml" xml:lang="en" lang="en">
 <head>
  <title>
</title>
<meta http-equiv="Content-Type" content="text/html;charset=utf-8" />
  <meta name='ocr-system' content='tesseract 3.04.00' />
  <meta name='ocr-capabilities' content='ocr_page ocr_carea ocr_par ocr_line ocrx_word'/>
</head>
<body>
  <div class='ocr_page' id='page_1' title='image "annaliumabexcess01taciuoft_0370.png"; bbox 0 0 1832 3068; ppageno 0'>
   <div class='ocr_carea' id='block_1_1' title="bbox 623 461 1307 517">
    <p class='ocr_par' dir='ltr' id='par_1_1' title="bbox 623 461 1307 517">
     <span class='ocr_line' id='line_1_1' title="bbox 623 461 1307 517; baseline 0 -1"><span class='ocrx_word' id='word_1_1' title='bbox 623 461 1194 517; x_wconf 88' lang='lat' dir='ltr'><strong>APPENDIX</strong></span> <span class='ocrx_word' id='word_1_2' title='bbox 1264 462 1307 516; x_wconf 94' lang='lat' dir='ltr'>I.</span> 
     </span>
    </p>
   </div>
   <div class='ocr_carea' id='block_1_2' title="bbox 680 647 1254 694">
    <p class='ocr_par' dir='ltr' id='par_1_2' title="bbox 680 647 1254 694">
     <span class='ocr_line' id='line_1_2' title="bbox 680 647 1254 694; baseline -0.002 -14"><span class='ocrx_word' id='word_1_3' title='bbox 680 647 748 680; x_wconf 87' lang='lat' dir='ltr'>ON</span> <span class='ocrx_word' id='word_1_4' title='bbox 779 647 913 681; x_wconf 84' lang='lat' dir='ltr'><strong>BOOK</strong></span> <span class='ocrx_word' id='word_1_5' title='bbox 935 647 985 687; x_wconf 91' lang='lat'>11,</span> <span class='ocrx_word' id='word_1_6' title='bbox 1018 647 1088 681; x_wconf 90' lang='lat' dir='ltr'>cc.</span> <span class='ocrx_word' id='word_1_7' title='bbox 1105 650 1170 694; x_wconf 84' lang='lat'>23,</span> <span class='ocrx_word' id='word_1_8' title='bbox 1186 650 1254 690; x_wconf 86' lang='lat'>24·</span> 
     </span>
    </p>
   </div>
   <div class='ocr_carea' id='block_1_3' title="bbox 162 779 1772 1095">
    <p class='ocr_par' dir='ltr' id='par_1_3' title="bbox 162 779 1772 1095">
     <span class='ocr_line' id='line_1_3' title="bbox 218 779 1772 832; baseline 0.001 -14"><span class='ocrx_word' id='word_1_9' title='bbox 218 779 311 819; x_wconf 76' lang='lat' dir='ltr'>Tm:</span> <span class='ocrx_word' id='word_1_10' title='bbox 330 780 528 831; x_wconf 86' lang='lat' dir='ltr'>following</span> <span class='ocrx_word' id='word_1_11' title='bbox 547 780 741 832; x_wconf 85' lang='lat' dir='ltr'>fragment</span> <span class='ocrx_word' id='word_1_12' title='bbox 767 782 813 820; x_wconf 88' lang='lat' dir='ltr'>of</span> <span class='ocrx_word' id='word_1_13' title='bbox 837 794 860 820; x_wconf 91' lang='lat' dir='ltr'>a</span> <span class='ocrx_word' id='word_1_14' title='bbox 889 788 1187 832; x_wconf 82' lang='lat' dir='ltr'>contemporary</span> <span class='ocrx_word' id='word_1_15' title='bbox 1205 788 1374 821; x_wconf 89' lang='lat' dir='ltr'>account</span> <span class='ocrx_word' id='word_1_16' title='bbox 1393 781 1441 820; x_wconf 90' lang='lat' dir='ltr'>of</span> <span class='ocrx_word' id='word_1_17' title='bbox 1461 780 1525 820; x_wconf 89' lang='lat' dir='ltr'>the</span> <span class='ocrx_word' id='word_1_18' title='bbox 1546 780 1706 820; x_wconf 84' lang='lat' dir='ltr'>disaster</span> <span class='ocrx_word' id='word_1_19' title='bbox 1725 781 1772 820; x_wconf 90' lang='lat' dir='ltr'>of</span> 
     </span>
     <span class='ocr_line' id='line_1_4' title="bbox 163 844 1768 898; baseline 0 -14"><span class='ocrx_word' id='word_1_20' title='bbox 163 844 420 885; x_wconf 89' lang='lat' dir='ltr'>Germanicus</span> <span class='ocrx_word' id='word_1_21' title='bbox 449 848 500 897; x_wconf 92' lang='lat' dir='ltr'>by</span> <span class='ocrx_word' id='word_1_22' title='bbox 519 846 626 886; x_wconf 89' lang='lat' dir='ltr'>Pedo</span> <span class='ocrx_word' id='word_1_23' title='bbox 648 847 926 894; x_wconf 89' lang='lat' dir='ltr'>Albinovanus,</span> <span class='ocrx_word' id='word_1_24' title='bbox 957 847 1148 898; x_wconf 82' lang='lat' dir='ltr'>probably</span> <span class='ocrx_word' id='word_1_25' title='bbox 1173 859 1250 886; x_wconf 90' lang='lat' dir='ltr'>one</span> <span class='ocrx_word' id='word_1_26' title='bbox 1279 847 1326 886; x_wconf 92' lang='lat' dir='ltr'>of</span> <span class='ocrx_word' id='word_1_27' title='bbox 1346 847 1405 885; x_wconf 89' lang='lat' dir='ltr'>his</span> <span class='ocrx_word' id='word_1_28' title='bbox 1426 846 1578 886; x_wconf 88' lang='lat' dir='ltr'>officers</span> <span class='ocrx_word' id='word_1_29' title='bbox 1605 846 1686 898; x_wconf 87' lang='lat' dir='ltr'>(see</span> <span class='ocrx_word' id='word_1_30' title='bbox 1712 858 1768 885; x_wconf 85' lang='lat' dir='ltr'>on</span> 
     </span>
     <span class='ocr_line' id='line_1_5' title="bbox 167 910 1767 964; baseline 0 -14"><span class='ocrx_word' id='word_1_31' title='bbox 167 923 199 951; x_wconf 92' lang='lat'>1.</span> <span class='ocrx_word' id='word_1_32' title='bbox 222 914 285 959; x_wconf 88' lang='lat'>60,</span> <span class='ocrx_word' id='word_1_33' title='bbox 309 911 360 964; x_wconf 85' lang='lat'>2),</span> <span class='ocrx_word' id='word_1_34' title='bbox 380 912 506 952; x_wconf 88' lang='lat' dir='ltr'>which</span> <span class='ocrx_word' id='word_1_35' title='bbox 535 913 606 952; x_wconf 91' lang='lat' dir='ltr'>has</span> <span class='ocrx_word' id='word_1_36' title='bbox 632 913 735 952; x_wconf 92' lang='lat' dir='ltr'>been</span> <span class='ocrx_word' id='word_1_37' title='bbox 759 913 964 964; x_wconf 89' lang='lat' dir='ltr'>preserved</span> <span class='ocrx_word' id='word_1_38' title='bbox 993 914 1044 964; x_wconf 92' lang='lat' dir='ltr'>by</span> <span class='ocrx_word' id='word_1_39' title='bbox 1064 912 1121 951; x_wconf 92' lang='lat' dir='ltr'>M.</span> <span class='ocrx_word' id='word_1_40' title='bbox 1144 913 1294 952; x_wconf 87' lang='lat' dir='ltr'>Seneca</span> <span class='ocrx_word' id='word_1_41' title='bbox 1314 912 1440 964; x_wconf 87' lang='lat' dir='ltr'>(Suas.</span> <span class='ocrx_word' id='word_1_42' title='bbox 1466 925 1498 951; x_wconf 92' lang='lat'>1.</span> <span class='ocrx_word' id='word_1_43' title='bbox 1524 910 1603 963; x_wconf 86' lang='lat'>14),</span> <span class='ocrx_word' id='word_1_44' title='bbox 1624 913 1656 951; x_wconf 91' lang='lat' dir='ltr'>is</span> <span class='ocrx_word' id='word_1_45' title='bbox 1674 911 1767 951; x_wconf 91' lang='lat' dir='ltr'>here</span> 
     </span>
     <span class='ocr_line' id='line_1_6' title="bbox 163 977 1767 1029; baseline 0.001 -14"><span class='ocrx_word' id='word_1_46' title='bbox 163 978 379 1029; x_wconf 89' lang='lat' dir='ltr'>subjoined,</span> <span class='ocrx_word' id='word_1_47' title='bbox 410 991 453 1018; x_wconf 91' lang='lat' dir='ltr'>as</span> <span class='ocrx_word' id='word_1_48' title='bbox 483 992 507 1017; x_wconf 90' lang='lat' dir='ltr'>a</span> <span class='ocrx_word' id='word_1_49' title='bbox 535 979 734 1029; x_wconf 85' lang='lat' dir='ltr'>specimen</span> <span class='ocrx_word' id='word_1_50' title='bbox 762 978 807 1018; x_wconf 91' lang='lat' dir='ltr'>of</span> <span class='ocrx_word' id='word_1_51' title='bbox 833 991 943 1018; x_wconf 90' lang='lat' dir='ltr'>some</span> <span class='ocrx_word' id='word_1_52' title='bbox 972 979 1017 1018; x_wconf 89' lang='lat' dir='ltr'>of</span> <span class='ocrx_word' id='word_1_53' title='bbox 1041 979 1106 1018; x_wconf 91' lang='lat' dir='ltr'>the</span> <span class='ocrx_word' id='word_1_54' title='bbox 1135 979 1309 1018; x_wconf 88' lang='lat' dir='ltr'>material</span> <span class='ocrx_word' id='word_1_55' title='bbox 1331 979 1432 1018; x_wconf 82' lang='lat' dir='ltr'>from</span> <span class='ocrx_word' id='word_1_56' title='bbox 1460 978 1586 1018; x_wconf 90' lang='lat' dir='ltr'>which</span> <span class='ocrx_word' id='word_1_57' title='bbox 1606 977 1767 1017; x_wconf 89' lang='lat' dir='ltr'>Tacitus</span> 
     </span>
     <span class='ocr_line' id='line_1_7' title="bbox 162 1043 1088 1095; baseline 0.001 -13"><span class='ocrx_word' id='word_1_58' title='bbox 162 1055 253 1095; x_wconf 89' lang='lat' dir='ltr'>may</span> <span class='ocrx_word' id='word_1_59' title='bbox 271 1043 368 1083; x_wconf 88' lang='lat' dir='ltr'>have</span> <span class='ocrx_word' id='word_1_60' title='bbox 388 1044 466 1084; x_wconf 87' lang='lat' dir='ltr'>had</span> <span class='ocrx_word' id='word_1_61' title='bbox 485 1051 526 1084; x_wconf 92' lang='lat' dir='ltr'>to</span> <span class='ocrx_word' id='word_1_62' title='bbox 547 1045 649 1084; x_wconf 89' lang='lat' dir='ltr'>draw</span> <span class='ocrx_word' id='word_1_63' title='bbox 668 1057 722 1095; x_wconf 92' lang='lat' dir='ltr'>up</span> <span class='ocrx_word' id='word_1_64' title='bbox 741 1044 801 1083; x_wconf 91' lang='lat' dir='ltr'>his</span> <span class='ocrx_word' id='word_1_65' title='bbox 821 1045 1009 1085; x_wconf 86' lang='lat' dir='ltr'>narrative</span> <span class='ocrx_word' id='word_1_66' title='bbox 1022 1057 1088 1083; x_wconf 87' lang='lat'>:—</span> 
     </span>
    </p>
   </div>
   <div class='ocr_carea' id='block_1_4' title="bbox 364 1155 1832 2639">
    <p class='ocr_par' dir='ltr' id='par_1_4' title="bbox 380 1155 1520 1273">
     <span class='ocr_line' id='line_1_8' title="bbox 380 1155 1520 1207; baseline -0.001 -12"><span class='ocrx_word' id='word_1_67' title='bbox 380 1156 467 1195; x_wconf 88' lang='lat' dir='ltr'>Iam</span> <span class='ocrx_word' id='word_1_68' title='bbox 495 1157 645 1207; x_wconf 78' lang='lat' dir='ltr'>pridem</span> <span class='ocrx_word' id='word_1_69' title='bbox 672 1163 762 1207; x_wconf 91' lang='lat' dir='ltr'>post</span> <span class='ocrx_word' id='word_1_70' title='bbox 791 1163 898 1207; x_wconf 84' lang='lat' dir='ltr'>terga</span> <span class='ocrx_word' id='word_1_71' title='bbox 927 1157 1030 1195; x_wconf 91' lang='lat' dir='ltr'>diem</span> <span class='ocrx_word' id='word_1_72' title='bbox 1060 1155 1262 1207; x_wconf 90' lang='lat' dir='ltr'>solemque</span> <span class='ocrx_word' id='word_1_73' title='bbox 1290 1156 1520 1207; x_wconf 88' lang='lat' dir='ltr'>relinquunt,</span> 
     </span>
     <span class='ocr_line' id='line_1_9' title="bbox 381 1221 1286 1273; baseline -0.001 -13"><span class='ocrx_word' id='word_1_74' title='bbox 381 1221 468 1260; x_wconf 87' lang='lat' dir='ltr'>Iam</span> <span class='ocrx_word' id='word_1_75' title='bbox 497 1223 647 1273; x_wconf 89' lang='lat' dir='ltr'>pridem</span> <span class='ocrx_word' id='word_1_76' title='bbox 675 1223 778 1261; x_wconf 88' lang='lat' dir='ltr'>notis</span> <span class='ocrx_word' id='word_1_77' title='bbox 807 1228 981 1261; x_wconf 87' lang='lat' dir='ltr'>extorres</span> <span class='ocrx_word' id='word_1_78' title='bbox 1009 1222 1151 1260; x_wconf 90' lang='lat' dir='ltr'>finibus</span> <span class='ocrx_word' id='word_1_79' title='bbox 1180 1222 1286 1260; x_wconf 89' lang='lat' dir='ltr'>orbis</span> 
     </span>
    </p>

    <p class='ocr_par' dir='ltr' id='par_1_5' title="bbox 381 1287 1287 1327">
     <span class='ocr_line' id='line_1_10' title="bbox 381 1287 1287 1327; baseline 0 -1"><span class='ocrx_word' id='word_1_80' title='bbox 381 1287 456 1326; x_wconf 92' lang='lat' dir='ltr'>Per</span> <span class='ocrx_word' id='word_1_81' title='bbox 484 1300 564 1327; x_wconf 89' lang='lat' dir='ltr'>non</span> <span class='ocrx_word' id='word_1_82' title='bbox 592 1300 800 1327; x_wconf 86' lang='lat' dir='ltr'>concessas</span> <span class='ocrx_word' id='word_1_83' title='bbox 829 1288 995 1326; x_wconf 86' lang='lat' dir='ltr'>audaces</span> <span class='ocrx_word' id='word_1_84' title='bbox 1024 1287 1079 1325; x_wconf 91' lang='lat' dir='ltr'>ire</span> <span class='ocrx_word' id='word_1_85' title='bbox 1108 1288 1287 1326; x_wconf 87' lang='lat' dir='ltr'>tenebras</span> 
     </span>
    </p>

    <p class='ocr_par' dir='ltr' id='par_1_6' title="bbox 381 1353 1362 1403">
     <span class='ocr_line' id='line_1_11' title="bbox 381 1353 1362 1403; baseline -0.001 -11"><span class='ocrx_word' id='word_1_86' title='bbox 381 1353 446 1392; x_wconf 91' lang='lat' dir='ltr'>Ad</span> <span class='ocrx_word' id='word_1_87' title='bbox 473 1367 601 1393; x_wconf 89' lang='lat' dir='ltr'>rerum</span> <span class='ocrx_word' id='word_1_88' title='bbox 630 1361 753 1394; x_wconf 87' lang='lat' dir='ltr'>metas</span> <span class='ocrx_word' id='word_1_89' title='bbox 783 1361 1030 1403; x_wconf 87' lang='lat' dir='ltr'>extremaque</span> <span class='ocrx_word' id='word_1_90' title='bbox 1058 1353 1170 1392; x_wconf 89' lang='lat' dir='ltr'>litora</span> <span class='ocrx_word' id='word_1_91' title='bbox 1197 1353 1362 1402; x_wconf 79' lang='lat' dir='ltr'>mundi3</span> 
     </span>
    </p>

    <p class='ocr_par' dir='ltr' id='par_1_7' title="bbox 381 1419 1832 1536">
     <span class='ocr_line' id='line_1_12' title="bbox 381 1419 1832 1471; baseline -0.001 -13"><span class='ocrx_word' id='word_1_92' title='bbox 381 1419 499 1458; x_wconf 93' lang='lat' dir='ltr'>Nunc</span> <span class='ocrx_word' id='word_1_93' title='bbox 527 1420 635 1458; x_wconf 91' lang='lat' dir='ltr'>illum</span> <span class='ocrx_word' id='word_1_94' title='bbox 662 1421 781 1471; x_wconf 91' lang='lat' dir='ltr'>pigris</span> <span class='ocrx_word' id='word_1_95' title='bbox 809 1420 995 1458; x_wconf 88' lang='lat' dir='ltr'>immania</span> <span class='ocrx_word' id='word_1_96' title='bbox 1021 1425 1195 1458; x_wconf 88' lang='lat' dir='ltr'>monstra</span> <span class='ocrx_word' id='word_1_97' title='bbox 1223 1419 1296 1457; x_wconf 91' lang='lat' dir='ltr'>sub</span> <span class='ocrx_word' id='word_1_98' title='bbox 1325 1419 1440 1457; x_wconf 91' lang='lat' dir='ltr'>undis</span> <span class='ocrx_word' id='word_1_99' title='bbox 1747 1434 1766 1467; x_wconf 88' lang='lat'>5</span> <span class='ocrx_word' id='word_1_100' title='bbox 1829 1436 1832 1461; x_wconf 64' lang='grc' dir='ltr'>ς</span> 
     </span>
     <span class='ocr_line' id='line_1_13' title="bbox 383 1484 1449 1536; baseline 0 -13"><span class='ocrx_word' id='word_1_101' title='bbox 383 1485 463 1532; x_wconf 85' lang='lat' dir='ltr'>Qui</span> <span class='ocrx_word' id='word_1_102' title='bbox 491 1485 586 1524; x_wconf 90' lang='lat' dir='ltr'>ferat</span> <span class='ocrx_word' id='word_1_103' title='bbox 615 1486 833 1533; x_wconf 85' lang='lat' dir='ltr'>Oceanum,</span> <span class='ocrx_word' id='word_1_104' title='bbox 863 1486 929 1536; x_wconf 91' lang='lat' dir='ltr'>qui</span> <span class='ocrx_word' id='word_1_105' title='bbox 958 1497 1092 1524; x_wconf 89' lang='lat' dir='ltr'>saevas</span> <span class='ocrx_word' id='word_1_106' title='bbox 1120 1484 1291 1535; x_wconf 88' lang='lat' dir='ltr'>undique</span> <span class='ocrx_word' id='word_1_107' title='bbox 1321 1485 1449 1535; x_wconf 90' lang='lat' dir='ltr'>pristis</span> 
     </span>
    </p>

    <p class='ocr_par' dir='ltr' id='par_1_8' title="bbox 382 1551 1477 1602">
     <span class='ocr_line' id='line_1_14' title="bbox 382 1551 1477 1602; baseline 0 -13"><span class='ocrx_word' id='word_1_108' title='bbox 382 1551 689 1602; x_wconf 83' lang='lat' dir='ltr'>Aequoreosque</span> <span class='ocrx_word' id='word_1_109' title='bbox 718 1563 845 1599; x_wconf 88' lang='lat' dir='ltr'>canes,</span> <span class='ocrx_word' id='word_1_110' title='bbox 876 1551 1021 1590; x_wconf 87' lang='lat' dir='ltr'>ratibus</span> <span class='ocrx_word' id='word_1_111' title='bbox 1050 1563 1286 1601; x_wconf 89' lang='lat' dir='ltr'>consurgere</span> <span class='ocrx_word' id='word_1_112' title='bbox 1314 1551 1477 1601; x_wconf 87' lang='lat' dir='ltr'>prensis.</span> 
     </span>
    </p>

    <p class='ocr_par' dir='ltr' id='par_1_9' title="bbox 386 1616 1472 1667">
     <span class='ocr_line' id='line_1_15' title="bbox 386 1616 1472 1667; baseline 0 -12"><span class='ocrx_word' id='word_1_113' title='bbox 386 1617 618 1655; x_wconf 85' lang='lat' dir='ltr'>Accumulat</span> <span class='ocrx_word' id='word_1_114' title='bbox 647 1617 776 1667; x_wconf 84' lang='lat' dir='ltr'>fragor</span> <span class='ocrx_word' id='word_1_115' title='bbox 803 1618 886 1667; x_wconf 91' lang='lat' dir='ltr'>ipse</span> <span class='ocrx_word' id='word_1_116' title='bbox 915 1623 1052 1656; x_wconf 90' lang='lat' dir='ltr'>metus.</span> <span class='ocrx_word' id='word_1_117' title='bbox 1110 1616 1198 1655; x_wconf 89' lang='lat' dir='ltr'>Iam</span> <span class='ocrx_word' id='word_1_118' title='bbox 1227 1616 1350 1655; x_wconf 88' lang='lat' dir='ltr'>sidere</span> <span class='ocrx_word' id='word_1_119' title='bbox 1379 1616 1472 1655; x_wconf 88' lang='lat' dir='ltr'>limo</span> 
     </span>
    </p>

    <p class='ocr_par' dir='ltr' id='par_1_10' title="bbox 383 1666 1832 1799">
     <span class='ocr_line' id='line_1_16' title="bbox 383 1682 1832 1738; baseline -0.001 -17"><span class='ocrx_word' id='word_1_120' title='bbox 383 1682 550 1733; x_wconf 89' lang='lat' dir='ltr'>Navigia</span> <span class='ocrx_word' id='word_1_121' title='bbox 579 1689 616 1720; x_wconf 92' lang='lat' dir='ltr'>et</span> <span class='ocrx_word' id='word_1_122' title='bbox 644 1682 779 1733; x_wconf 90' lang='lat' dir='ltr'>rapido</span> <span class='ocrx_word' id='word_1_123' title='bbox 809 1683 1002 1721; x_wconf 87' lang='lat' dir='ltr'>desertam</span> <span class='ocrx_word' id='word_1_124' title='bbox 1031 1682 1188 1721; x_wconf 89' lang='lat' dir='ltr'>flamine</span> <span class='ocrx_word' id='word_1_125' title='bbox 1218 1682 1384 1720; x_wconf 88' lang='lat' dir='ltr'>classem</span> <span class='ocrx_word' id='word_1_126' title='bbox 1824 1683 1832 1738; x_wconf 57' lang='lat'>3&#39;</span> 
     </span>
     <span class='ocr_line' id='line_1_17' title="bbox 386 1748 1374 1799; baseline -0.001 -12"><span class='ocrx_word' id='word_1_127' title='bbox 386 1748 513 1799; x_wconf 89' lang='lat' dir='ltr'>Seque</span> <span class='ocrx_word' id='word_1_128' title='bbox 542 1749 632 1787; x_wconf 89' lang='lat' dir='ltr'>feris</span> <span class='ocrx_word' id='word_1_129' title='bbox 660 1748 822 1787; x_wconf 92' lang='lat' dir='ltr'>credunt</span> <span class='ocrx_word' id='word_1_130' title='bbox 851 1761 919 1799; x_wconf 92' lang='lat' dir='ltr'>per</span> <span class='ocrx_word' id='word_1_131' title='bbox 947 1748 1084 1787; x_wconf 89' lang='lat' dir='ltr'>inertia</span> <span class='ocrx_word' id='word_1_132' title='bbox 1112 1748 1190 1787; x_wconf 89' lang='lat' dir='ltr'>fata</span> <span class='ocrx_word' id='word_1_133' title='bbox 1217 1748 1374 1787; x_wconf 90' lang='lat' dir='ltr'>marinis</span> 
     </span>
    </p>

    <p class='ocr_par' dir='ltr' id='par_1_11' title="bbox 384 1814 1294 1864">
     <span class='ocr_line' id='line_1_18' title="bbox 384 1814 1294 1864; baseline -0.001 -12"><span class='ocrx_word' id='word_1_134' title='bbox 384 1814 488 1853; x_wconf 89' lang='lat' dir='ltr'>Tam</span> <span class='ocrx_word' id='word_1_135' title='bbox 517 1826 600 1852; x_wconf 91' lang='lat' dir='ltr'>non</span> <span class='ocrx_word' id='word_1_136' title='bbox 628 1814 727 1853; x_wconf 89' lang='lat' dir='ltr'>felici</span> <span class='ocrx_word' id='word_1_137' title='bbox 755 1814 960 1853; x_wconf 88' lang='lat' dir='ltr'>laniandos</span> <span class='ocrx_word' id='word_1_138' title='bbox 990 1820 1092 1853; x_wconf 91' lang='lat' dir='ltr'>sorte</span> <span class='ocrx_word' id='word_1_139' title='bbox 1121 1814 1294 1864; x_wconf 91' lang='lat' dir='ltr'>relinqui.</span> 
     </span>
    </p>

    <p class='ocr_par' dir='ltr' id='par_1_12' title="bbox 383 1879 1389 1931">
     <span class='ocr_line' id='line_1_19' title="bbox 383 1879 1389 1931; baseline 0 -13"><span class='ocrx_word' id='word_1_140' title='bbox 383 1880 513 1930; x_wconf 92' lang='lat' dir='ltr'>Atque</span> <span class='ocrx_word' id='word_1_141' title='bbox 543 1880 678 1930; x_wconf 89' lang='lat' dir='ltr'>aliquis</span> <span class='ocrx_word' id='word_1_142' title='bbox 707 1892 823 1931; x_wconf 91' lang='lat' dir='ltr'>prora</span> <span class='ocrx_word' id='word_1_143' title='bbox 852 1892 1011 1918; x_wconf 89' lang='lat' dir='ltr'>caecum</span> <span class='ocrx_word' id='word_1_144' title='bbox 1041 1880 1215 1918; x_wconf 85' lang='lat' dir='ltr'>sublimis</span> <span class='ocrx_word' id='word_1_145' title='bbox 1243 1881 1284 1917; x_wconf 90' lang='lat' dir='ltr'>in</span> <span class='ocrx_word' id='word_1_146' title='bbox 1312 1879 1389 1918; x_wconf 90' lang='lat' dir='ltr'>alta</span> 
     </span>
    </p>

    <p class='ocr_par' dir='ltr' id='par_1_13' title="bbox 382 1945 1204 1996">
     <span class='ocr_line' id='line_1_20' title="bbox 382 1945 1204 1996; baseline 0 -13"><span class='ocrx_word' id='word_1_147' title='bbox 382 1945 487 1984; x_wconf 69' lang='lat' dir='ltr'>Aera</span> <span class='ocrx_word' id='word_1_148' title='bbox 514 1946 684 1996; x_wconf 88' lang='lat' dir='ltr'>pugnaci</span> <span class='ocrx_word' id='word_1_149' title='bbox 712 1946 876 1984; x_wconf 90' lang='lat' dir='ltr'>luctatus</span> <span class='ocrx_word' id='word_1_150' title='bbox 904 1958 1083 1996; x_wconf 90' lang='lat' dir='ltr'>rumpere</span> <span class='ocrx_word' id='word_1_151' title='bbox 1111 1946 1204 1992; x_wconf 88' lang='lat' dir='ltr'>visu,</span> 
     </span>
    </p>

    <p class='ocr_par' dir='ltr' id='par_1_14' title="bbox 382 2010 1284 2061">
     <span class='ocr_line' id='line_1_21' title="bbox 382 2010 1284 2061; baseline -0.001 -12"><span class='ocrx_word' id='word_1_152' title='bbox 382 2010 438 2049; x_wconf 90' lang='lat' dir='ltr'>Ut</span> <span class='ocrx_word' id='word_1_153' title='bbox 466 2010 559 2048; x_wconf 89' lang='lat' dir='ltr'>nihil</span> <span class='ocrx_word' id='word_1_154' title='bbox 587 2018 722 2061; x_wconf 89' lang='lat' dir='ltr'>erepto</span> <span class='ocrx_word' id='word_1_155' title='bbox 750 2010 866 2049; x_wconf 90' lang='lat' dir='ltr'>valuit</span> <span class='ocrx_word' id='word_1_156' title='bbox 895 2010 1096 2049; x_wconf 91' lang='lat' dir='ltr'>dinoscere</span> <span class='ocrx_word' id='word_1_157' title='bbox 1124 2010 1284 2057; x_wconf 89' lang='lat' dir='ltr'>mundo,</span> 
     </span>
    </p>

    <p class='ocr_par' dir='ltr' id='par_1_15' title="bbox 384 2075 1332 2126">
     <span class='ocr_line' id='line_1_22' title="bbox 384 2075 1332 2126; baseline 0 -12"><span class='ocrx_word' id='word_1_158' title='bbox 384 2075 595 2115; x_wconf 85' lang='lat' dir='ltr'>Obstructa</span> <span class='ocrx_word' id='word_1_159' title='bbox 621 2077 662 2114; x_wconf 91' lang='lat' dir='ltr'>in</span> <span class='ocrx_word' id='word_1_160' title='bbox 687 2076 786 2116; x_wconf 75' lang='lat' dir='ltr'>‚tales</span> <span class='ocrx_word' id='word_1_161' title='bbox 815 2075 976 2115; x_wconf 85' lang='lat' dir='ltr'>effundit</span> <span class='ocrx_word' id='word_1_162' title='bbox 1004 2082 1163 2126; x_wconf 90' lang='lat' dir='ltr'>pectora</span> <span class='ocrx_word' id='word_1_163' title='bbox 1191 2087 1332 2114; x_wconf 90' lang='lat' dir='ltr'>voces:</span> 
     </span>
    </p>

    <p class='ocr_par' dir='ltr' id='par_1_16' title="bbox 383 2140 1493 2258">
     <span class='ocr_line' id='line_1_23' title="bbox 383 2140 1493 2192; baseline 0 -13"><span class='ocrx_word' id='word_1_164' title='bbox 383 2141 477 2189; x_wconf 88' lang='lat' dir='ltr'>Quo</span> <span class='ocrx_word' id='word_1_165' title='bbox 507 2141 688 2180; x_wconf 84' lang='lat' dir='ltr'>ferimur?</span> <span class='ocrx_word' id='word_1_166' title='bbox 727 2141 823 2190; x_wconf 85' lang='lat' dir='ltr'>fugit</span> <span class='ocrx_word' id='word_1_167' title='bbox 850 2142 934 2192; x_wconf 90' lang='lat' dir='ltr'>ipse</span> <span class='ocrx_word' id='word_1_168' title='bbox 964 2141 1046 2179; x_wconf 91' lang='lat' dir='ltr'>dies</span> <span class='ocrx_word' id='word_1_169' title='bbox 1075 2141 1288 2191; x_wconf 89' lang='lat' dir='ltr'>orbemque</span> <span class='ocrx_word' id='word_1_170' title='bbox 1317 2140 1493 2180; x_wconf 89' lang='lat' dir='ltr'>relictum</span> 
     </span>
     <span class='ocr_line' id='line_1_24' title="bbox 383 2206 1300 2258; baseline -0.003 -12"><span class='ocrx_word' id='word_1_171' title='bbox 383 2206 533 2246; x_wconf 88' lang='lat' dir='ltr'>Ultima</span> <span class='ocrx_word' id='word_1_172' title='bbox 560 2208 756 2258; x_wconf 86' lang='lat' dir='ltr'>perpetuis</span> <span class='ocrx_word' id='word_1_173' title='bbox 786 2207 928 2246; x_wconf 88' lang='lat' dir='ltr'>claudit</span> <span class='ocrx_word' id='word_1_174' title='bbox 956 2213 1094 2245; x_wconf 87' lang='lat' dir='ltr'>natura</span> <span class='ocrx_word' id='word_1_175' title='bbox 1122 2206 1300 2244; x_wconf 88' lang='lat' dir='ltr'>tenebris.</span> 
     </span>
    </p>

    <p class='ocr_par' dir='ltr' id='par_1_17' title="bbox 383 2271 1356 2323">
     <span class='ocr_line' id='line_1_25' title="bbox 383 2271 1356 2323; baseline -0.002 -12"><span class='ocrx_word' id='word_1_176' title='bbox 383 2272 500 2311; x_wconf 90' lang='lat' dir='ltr'>Anne</span> <span class='ocrx_word' id='word_1_177' title='bbox 529 2273 604 2311; x_wconf 87' lang='lat' dir='ltr'>alio</span> <span class='ocrx_word' id='word_1_178' title='bbox 633 2274 781 2323; x_wconf 89' lang='lat' dir='ltr'>positas</span> <span class='ocrx_word' id='word_1_179' title='bbox 809 2272 906 2310; x_wconf 89' lang='lat' dir='ltr'>ultra</span> <span class='ocrx_word' id='word_1_180' title='bbox 935 2271 1191 2310; x_wconf 78' lang='lat' dir='ltr'>sub=cardine</span> <span class='ocrx_word' id='word_1_181' title='bbox 1218 2277 1356 2321; x_wconf 89' lang='lat' dir='ltr'>gentes</span> 
     </span>
    </p>

    <p class='ocr_par' dir='ltr' id='par_1_18' title="bbox 383 2336 1478 2389">
     <span class='ocr_line' id='line_1_26' title="bbox 383 2336 1478 2389; baseline -0.001 -13"><span class='ocrx_word' id='word_1_182' title='bbox 383 2338 516 2389; x_wconf 87' lang='lat' dir='ltr'>Atque</span> <span class='ocrx_word' id='word_1_183' title='bbox 545 2339 661 2376; x_wconf 91' lang='lat' dir='ltr'>alium</span> <span class='ocrx_word' id='word_1_184' title='bbox 690 2338 821 2376; x_wconf 87' lang='lat' dir='ltr'>flabris</span> <span class='ocrx_word' id='word_1_185' title='bbox 849 2337 1037 2375; x_wconf 89' lang='lat' dir='ltr'>intactum</span> <span class='ocrx_word' id='word_1_186' title='bbox 1066 2337 1288 2386; x_wconf 89' lang='lat' dir='ltr'>quaerimus</span> <span class='ocrx_word' id='word_1_187' title='bbox 1316 2336 1478 2375; x_wconf 86' lang='lat' dir='ltr'>orbem?</span> 
     </span>
    </p>

    <p class='ocr_par' dir='ltr' id='par_1_19' title="bbox 382 2402 1455 2517">
     <span class='ocr_line' id='line_1_27' title="bbox 382 2402 1455 2452; baseline 0 -12"><span class='ocrx_word' id='word_1_188' title='bbox 382 2402 435 2441; x_wconf 87' lang='lat' dir='ltr'>Di</span> <span class='ocrx_word' id='word_1_189' title='bbox 464 2409 644 2442; x_wconf 89' lang='lat' dir='ltr'>revocant</span> <span class='ocrx_word' id='word_1_190' title='bbox 673 2414 880 2452; x_wconf 91' lang='lat' dir='ltr'>rerumque</span> <span class='ocrx_word' id='word_1_191' title='bbox 909 2407 1037 2440; x_wconf 90' lang='lat' dir='ltr'>vetant</span> <span class='ocrx_word' id='word_1_192' title='bbox 1066 2413 1306 2451; x_wconf 88' lang='lat' dir='ltr'>cognoscere</span> <span class='ocrx_word' id='word_1_193' title='bbox 1335 2402 1455 2440; x_wconf 88' lang='lat' dir='ltr'>finem</span> 
     </span>
     <span class='ocr_line' id='line_1_28' title="bbox 385 2461 1397 2517; baseline -0.001 -11"><span class='ocrx_word' id='word_1_194' title='bbox 385 2461 576 2506; x_wconf 82' lang='lat' dir='ltr'>Mortales</span> <span class='ocrx_word' id='word_1_195' title='bbox 604 2468 764 2506; x_wconf 91' lang='lat' dir='ltr'>oculos:</span> <span class='ocrx_word' id='word_1_196' title='bbox 804 2467 930 2505; x_wconf 87' lang='lat' dir='ltr'>aliena</span> <span class='ocrx_word' id='word_1_197' title='bbox 959 2466 1053 2517; x_wconf 93' lang='lat' dir='ltr'>quid</span> <span class='ocrx_word' id='word_1_198' title='bbox 1082 2479 1252 2517; x_wconf 88' lang='lat' dir='ltr'>aequora</span> <span class='ocrx_word' id='word_1_199' title='bbox 1281 2467 1397 2506; x_wconf 90' lang='lat' dir='ltr'>remis</span> 
     </span>
    </p>

    <p class='ocr_par' dir='ltr' id='par_1_20' title="bbox 364 2531 1657 2639">
     <span class='ocr_line' id='line_1_29' title="bbox 383 2531 1657 2583; baseline -0.002 -11"><span class='ocrx_word' id='word_1_200' title='bbox 383 2533 435 2572; x_wconf 92' lang='lat' dir='ltr'>Et</span> <span class='ocrx_word' id='word_1_201' title='bbox 463 2545 593 2572; x_wconf 79' lang='lat' dir='ltr'>sacras</span> <span class='ocrx_word' id='word_1_202' title='bbox 621 2532 810 2571; x_wconf 88' lang='lat' dir='ltr'>violamus</span> <span class='ocrx_word' id='word_1_203' title='bbox 838 2543 959 2583; x_wconf 85' lang='lat' dir='ltr'>aquas</span> <span class='ocrx_word' id='word_1_204' title='bbox 989 2531 1196 2583; x_wconf 83' lang='lat' dir='ltr'>divumque</span> <span class='ocrx_word' id='word_1_205' title='bbox 1226 2532 1375 2583; x_wconf 88' lang='lat' dir='ltr'>quietas</span> <span class='ocrx_word' id='word_1_206' title='bbox 1629 2555 1657 2563; x_wconf 84' lang='lat'>--</span> 
     </span>
     <span class='ocr_line' id='line_1_30' title="bbox 364 2598 777 2639; baseline -0.005 0"><span class='ocrx_word' id='word_1_207' title='bbox 364 2599 608 2639; x_wconf 62' lang='lat' dir='ltr'>⁴Turbamus</span> <span class='ocrx_word' id='word_1_208' title='bbox 636 2598 777 2637; x_wconf 87' lang='lat' dir='ltr'>sedes?</span> 
     </span>
    </p>
   </div>
   <div class='ocr_carea' id='block_1_5' title="bbox 1722 1758 1832 3068">
    <p class='ocr_par' dir='ltr' id='par_1_21' title="bbox 1722 1758 1832 3068">
     <span class='ocr_line' id='line_1_31' title="bbox 1722 1758 1832 3068; baseline 0 0"><span class='ocrx_word' id='word_1_209' title='bbox 1722 1758 1832 3068; x_wconf 95' lang='lat' dir='ltr'> </span> 
     </span>
    </p>
   </div>
  </div>
 </body>
</html>
