1832 3068
189 152 270 196 228
522 153 832 195 CORNELII
860 155 1073 197 TACJTJ
1098 156 1448 198 ANNALIUM
1518 163 1687 208 [A.U.c·.
1710 166 1787 210 768.

185 270 376 323 pretium
412 270 494 312 fuit
525 278 777 314 convertere
809 285 982 326 agmen,
1014 278 1347 327 pugnatumque
1381 274 1425 315 in
1457 274 1711 326 obsidentis,
1742 279 1789 316 et

172 347 362 394 >ereptus
385 340 592 395 Segestes
621 355 783 396 magna
814 355 911 383 cum
942 342 1287 396 propinquorum
1313 350 1357 385 et
1389 343 1613 386 clientium
1642 356 1788 386 manu.

185 410 357 452 inerant
379 410 569 452 feminae
591 411 772 459 nobiles,
795 411 908 453 inter
929 425 1037 465 quas
1067 425 1181 453 uxor
1200 411 1390 454 Arminii
1424 414 1668 468 eademque
1699 413 1788 456 filia
1805 416 1832 450 5

188 478 396 534 Segestis,
431 480 576 522 mariti
613 480 754 534 magis
787 494 921 534 quam
955 481 1148 535 parentis
1188 482 1348 534 animo,
1385 496 1529 537 neque
1563 484 1704 526 evicta
1743 484 1788 525 in

148 558 166 590 5
186 549 387 591 lacrimas
418 563 561 604 neque
591 563 699 591 voce
730 549 931 604 suppleX‚
963 552 1225 605 compressis
1262 552 1375 594 intra
1411 552 1554 594 sinum
1586 554 1788 596 manibus

184 619 415 673 gravidum
438 625 611 661 uterum
633 619 817 660 intuens.
879 619 1132 662 ferebantur
1160 626 1204 662 et
1234 621 1374 679 spolia
1394 621 1612 664 Varianae
1636 623 1786 675 cladis,
1804 625 1832 660 θ

184 687 404 742 plerisque
430 703 579 730 eorum
601 689 674 742 qui
696 694 792 730 tum
820 688 863 729 in
886 689 1158 731 deditionem
1181 690 1418 732 veniebant
1446 692 1635 745 praedae
1655 693 1785 755 data:

183 757 313 799 simul
351 757 560 812 Segestes
596 759 701 813 ipse,
736 758 892 813 ingens
923 759 1017 799 visu
1055 765 1100 801 et
1136 760 1349 801 memoria
1383 760 1528 803 bonae
1565 763 1787 805 societatis

183 826 429 881 inpavidus.

242 899 322 942 58.
354 897 505 939 Verb'a
530 897 621 938 eius
648 897 692 938 in
721 896 838 939 hunc
863 897 1047 938 modum
1071 897 1217 941 suere:
1251 903 1260 921 ‘
1277 913 1366 941 non
1394 899 1464 942 hic
1490 900 1596 943 mihi
1617 902 1786 956 primus
1802 906 1825 942 1

183 979 287 1021 erga
320 967 535 1020 populum
573 967 828 1007 Romanum
863 966 966 1008 fidei
1001 972 1046 1008 et
1080 969 1353 1011 constantiae
1387 970 1494 1013 dies.
1554 985 1613 1013 ex
1640 985 1729 1025 quo
1758 978 1831 1014 an

182 1036 284 1077 divo
300 1036 511 1097 Augusto
533 1036 922 1100 civitatevdonatus
943 1049 1053 1088 sum,
1074 1038 1240 1079 amicos
1260 1039 1546 1094 inimicosque
1561 1054 1619 1082 ex
1631 1041 1786 1084 vestris

182 1105 446 1148 utilitatibus
468 1105 625 1160 delegi,
656 1119 801 1160 neque
833 1106 936 1148 odio
967 1107 1136 1160 patriae
1166 1105 1348 1163 (quippe
1379 1111 1626 1164 proditores
1649 1112 1785 1154 etiam

181 1174 234 1217 iis
250 1189 360 1229 quos
384 1180 659 1229 anteponunt
684 1174 808 1216 invisi
834 1173 967 1231 sunt),
991 1190 1142 1217 verum
1173 1178 1276 1231 quia
1297 1179 1511 1222 Romanis
1535 1179 1785 1223 Germanis-

105 1258 161 1291 -15
182 1258 268 1299 que
298 1245 417 1286 idem
446 1245 692 1286 conducere
724 1250 769 1286 et
805 1258 960 1298 pacem
994 1259 1128 1299 quam
1164 1246 1328 1289 bellum
1364 1249 1618 1303 probabam.
1679 1257 1829 1305 erg08

181 1321 404 1369 raptorem
425 1313 543 1355 filiae
566 1328 705 1364 meae,
725 1314 985 1356 violatorem
1007 1315 1195 1358 foederis
1215 1317 1360 1368 vestri,
1389 1317 1643 1361 Arminium
1663 1320 1783 1374 apud

179 1384 361 1433 Varum,
385 1384 460 1438 qui
491 1390 587 1425 tum
618 1383 831 1426 exercitui
864 1385 1155 1438 praesidebat,
1186 1399 1308 1428 reum
1338 1387 1433 1430 feci.
1494 1388 1657 1431 dilatus
1687 1400 1831 1444 seg—4

181 1453 290 1496 nitia
311 1453 445 1504 ducis,
468 1453 571 1507 quia
592 1467 749 1507 parum
778 1454 986 1507 praesidii
1014 1454 1058 1495 in
1084 1455 1251 1508 legibus
1277 1463 1383 1506 erat,
1406 1463 1455 1499 ut
1475 1471 1547 1499 me
1567 1465 1613 1501 et
1633 1458 1784 1501 Armi·
1821 1505 1826 1509 ,

180 1524 302 1579 nium
325 1528 369 1564 et
390 1522 587 1564 conscios
613 1523 796 1564 vinciret
827 1522 1047 1577 flagitavi:
1079 1525 1204 1566 testis
1235 1525 1311 1567 illa
1341 1540 1444 1577 nox,
1478 1526 1584 1568 mihi
1615 1529 1784 1570 utinam

180 1593 328 1647 potius
349 1591 612 1634 novissima!
644 1605 758 1646 quae
789 1598 941 1634 secuta
972 1600 1086 1643 sunt,
1109 1594 1259 1636 defleri
1289 1597 1430 1650 magis
1451 1611 1584 1651 quam
1605 1598 1783 1640 defendi
1799 1605 1828 1639 5

178 1667 391 1716 possunt:
424 1668 617 1703 ceterum
654 1666 700 1702 et
735 1661 862 1703 inieci
895 1668 1073 1704 catenas
1105 1662 1312 1706 Arminio
1345 1672 1391 1707 et
1423 1679 1450 1707 a
1475 1665 1666 1708 factione
1690 1667 1784 1708 eius

179 1731 361 1774 iniectas
381 1745 614 1786 perpessus
635 1744 747 1772 sum.
792 1737 927 1786 atque
948 1732 1021 1773 ubi
1043 1732 1319 1818 primumtxtui
1340 1734 1477 1788 copia,
1488 1741 1639 1778 vetera
1658 1736 1783 1779 novis
1799 1739 1828 1773 Θ

1213 1803 1229 1836 fl

126 909 166 931 10

121 1610 161 1633 20

1059 1913 1090 1946 8.
1112 1916 1233 1946 bonae
1265 1917 1467 1953 societatis,
1496 1916 1656 1950 ‘allianoe
1684 1917 1782 1950 saith-

1015 1956 1100 1999 fully
1114 1958 1219 1999 kept!
1232 1958 1301 1990 like
1318 1964 1325 1976 ⁸
1336 1959 1426 1992 bona
1440 1959 1541 1996 fides:
1555 1965 1618 1993 etc.

1063 2010 1075 2031 1
1084 2010 1111 2033 2.
1125 2004 1278 2033 civitate
1289 2004 1459 2035 donatus.
1487 2003 1540 2036 On
1553 2004 1610 2036 the
1622 2005 1782 2038 bestowal

1015 2044 1055 2076 of
1079 2044 1137 2076 the
1160 2049 1168 2062 ‘
1185 2045 1302 2077 civitas
1317 2044 1325 2057 '
1357 2046 1402 2087 by
1431 2047 1487 2079 the
1523 2047 1685 2090 princeps.
1723 2059 1782 2082 see

178 1913 241 1945 lias
256 1911 384 1944 traiecti
396 1910 405 1923 ’
423 1912 492 1954 (12.
513 1921 563 1952 39,
582 1911 629 1952 4),
645 1922 681 1944 as
696 1911 846 1954 showing
862 1912 946 1950 that,

177 1954 307 1998 though
335 1965 413 1987 now
441 1955 585 1997 peopled
613 1955 657 1997 by
683 1955 856 1994 Ger-mam,
883 1956 949 1988 this

177 1999 388 2076 ἓιέῗιίἓὶςὲξῗ
410 1999 520 2031 Rhine
542 2009 610 2031 was
634 1999 704 2031 still
728 1999 888 2040 regarded
912 2010 948 2032 as

225 2095 253 2119 1.
290 2088 466 2124 pretium.
524 2085 608 2118 This
645 2086 875 2120 abbreviation
914 2086 953 2119 of

178 2133 321 2172 ‘operae
343 2128 505 2172 pretium’
530 2131 578 2170 (2.
603 2138 653 2170 35,
676 2139 689 2161 1
710 2141 718 2168 ;
746 2130 791 2162 H.
809 2141 839 2172 3.
864 2132 894 2168 8,
913 2131 946 2171 2)

178 2184 319 2216 appears
334 2177 370 2206 to
387 2184 486 2206 occur
500 2173 533 2205 in
550 2174 687 2206 Tacitus
703 2173 811 2206 alone.

221 2221 451 2250 convertere.
511 2217 567 2248 He
590 2228 659 2249 was
690 2218 725 2249 in
758 2222 878 2250 retreat
911 2222 947 2250 to

178 2261 236 2295 the
261 2261 370 2293 Rhine
395 2261 438 2302 (c.
464 2259 516 2302 56,
539 2260 587 2300 6).
608 2261 674 2292 and
695 2260 819 2293 wheels
841 2261 948 2294 round

177 2306 280 2348 again
294 2309 331 2338 to
346 2315 438 2337 some
454 2305 550 2347 point
565 2304 601 2336 in
616 2304 673 2337 the
691 2304 834 2346 enemy's
849 2315 947 2337 coun-

178 2353 254 2425 ἴηνα.
266 2393 475 2424 olientium.
505 2391 559 2423 On
571 2391 629 2423 the
646 2394 655 2409 ‘
666 2391 842 2423 comitatus
854 2390 863 2402 ’
877 2391 917 2423 of
927 2402 948 2424 a

180 2436 325 2469 German
340 2435 463 2476 prime,
482 2445 533 2476 cp.
551 2434 594 2466 G.
613 2443 672 2475 13;
699 2444 749 2476 14.

224 2489 254 2520 3.
277 2487 385 2516 uxor,
413 2481 495 2511 etc.:
531 2487 582 2519 cp.
614 2488 642 2510 c.
671 2486 723 2519 55,
749 2488 780 2519 4.
825 2479 946 2510 Strabo

180 2522 270 2561 (1.1.)
284 2522 377 2564 gives
391 2521 452 2553 her
462 2531 559 2553 name
575 2531 612 2553 as
628 2519 823 2559 Θοῦσνελδα,
837 2522 947 2554 which

179 2566 310 2599 Grimm
334 2564 439 2606 (cited
459 2564 505 2606 by
520 2563 642 2604 Orelli)
666 2564 760 2596 takes
782 2568 819 2596 to
835 2565 877 2597 be
899 2565 947 2597 in-

177 2609 300 2642 tended
335 2609 386 2640 sor
417 2607 629 2646 Thurshilda,
664 2608 877 2648 Thusshilda,
909 2618 948 2640 or

177 2651 424 2685 Thursinhilda.

222 2706 255 2737 4.
277 2697 406 2728 mariti
426 2719 436 2728 .
453 2719 462 2728 .
480 2719 488 2728 .
511 2696 662 2734 animo„
694 2695 800 2738 Nipp.
816 2700 910 2728 notes
926 2707 947 2728 a

178 2739 307 2772 similar
331 2738 444 2781 genit„
466 2738 654 2781 depending
680 2749 723 2771 on
749 2749 791 2771 an
818 2739 885 2771 abl.
912 2739 952 2772 of

179 2782 316 2825 quality,
337 2782 372 2815 in
396 2782 442 2815 H.
469 2790 497 2814 1.
522 2782 552 2820 8,
578 2792 594 2814 2
619 2783 644 2823 (·
655 2783 748 2825 pacis
771 2783 896 2816 artibus
909 2784 944 2825 ')‚

179 2826 247 2859 and
262 2826 308 2858 H.
327 2833 357 2866 5.
373 2825 405 2866 6,
422 2834 440 2867 5
459 2826 482 2866 (⁴
494 2826 604 2868 specie
617 2826 716 2858 maris
727 2825 762 2866 ⁸).

223 2871 349 2904 evicta
376 2871 419 2901 in
437 2871 623 2902 lacrimas.
655 2869 709 2902 On
732 2869 801 2902 this
825 2880 882 2902 use
909 2869 949 2903 of

182 2916 194 2934 ‘
204 2912 260 2954 in,’
276 2923 330 2957 cp.
345 2912 471 2946 Introd.
486 2923 517 2946 v.
535 2916 552 2954 ς
570 2912 613 2946 60
629 2913 662 2946 b.

1016 2088 1141 2120 Introd.
1164 2089 1208 2121 vi.
1235 2099 1267 2131 p.
1287 2095 1349 2130 735
1373 2090 1572 2128 Mommsen,
1587 2091 1727 2125 Staatsr.
1742 2092 1778 2126 ii.

1015 2142 1039 2174 p
1059 2141 1188 2212 ex,5‘in
1214 2176 1416 2209 accordance
1436 2178 1520 2210 with
1533 2189 1542 2215 3
1555 2176 1563 2191 ’
1596 2178 1780 2221 analogous

1015 2223 1051 2251 to
1065 2223 1072 2235 ‘
1086 2230 1127 2250 ex
1143 2219 1324 2256 sententia:
1343 2223 1400 2252 ‘ex
1415 2221 1534 2254 more).
1541 2227 1605 2255 etc.

1062 2271 1112 2301 15.
1134 2265 1368 2302 conducere‚·
1386 2274 1431 2297 sc.
1456 2264 1687 2304 ‘iudicabam’
1703 2275 1780 2307 sup·

1015 2306 1107 2348 plied
1128 2306 1173 2346 by
1189 2316 1327 2348 zeugma
1350 2306 1435 2339 from
1453 2310 1462 2325 ‘
1473 2307 1679 2350 probabam?
1723 2309 1780 2342 On

1015 2349 1072 2381 the
1094 2349 1253 2381 omission
1276 2350 1317 2381 of
1334 2350 1482 2392 ‘magis'
1504 2352 1618 2385 before
1641 2347 1779 2395 ‘quam’

1015 2403 1066 2435 cp.
1083 2393 1210 2424 Introd.
1226 2403 1257 2424 V.
1276 2397 1292 2431 ξ
1311 2392 1363 2435 64.
1717 2431 1721 2433 ,

1061 2436 1109 2468 16.
1126 2440 1315 2473 raptorem
1332 2462 1340 2470 .
1358 2461 1366 2469 .
1384 2462 1391 2470 .
1407 2440 1640 2472 violatorem.
1670 2439 1778 2472 These

1013 2479 1157 2521 poetical
1180 2480 1289 2511 words
1311 2491 1367 2513 are
1390 2482 1499 2514 suited
1515 2487 1551 2515 to
1565 2493 1586 2514 a
1602 2482 1778 2516 rhetorical

1014 2533 1165 2565 passage,
1190 2523 1247 2555 the
1270 2524 1391 2556 former
1416 2525 1517 2568 being
1542 2526 1620 2558 thus
1641 2526 1722 2559 used
1744 2526 1780 2559 in

1014 2566 1101 2598 Vell.
1120 2576 1149 2599 2.
1167 2572 1217 2606 27,
1239 2576 1253 2597 1
1270 2577 1278 2604 ς
1302 2567 1357 2599 the
1372 2568 1470 2600 latter
1485 2569 1520 2600 in
1536 2569 1609 2602 Liv.
1627 2581 1658 2610 4.
1677 2579 1726 2612 19,
1746 2579 1778 2611 3.

1061 2619 1112 2652 19.
1134 2620 1220 2648 nox,
1238 2611 1311 2643 that
1327 2611 1367 2643 of
1386 2612 1442 2644 the
1457 2613 1612 2655 banquet,
1628 2623 1656 2645 c.
1675 2623 1726 2655 55,
1745 2623 1776 2654 3.

1061 2662 1112 2686 20.
1137 2663 1232 2691 quae
1256 2659 1395 2688 secuta.
1431 2655 1514 2688 This
1529 2657 1661 2698 glauces
1675 2662 1711 2689 at
1727 2657 1780 2689 his

1013 2695 1108 2729 share
1123 2697 1157 2728 in
1174 2697 1360 2734 hostilities‚
1377 2709 1414 2731 as
1433 2702 1610 2732 ‘consensu
1625 2700 1732 2742 gentis
1743 2700 1778 2733 in

1014 2740 1140 2772 bellum
1157 2745 1279 2773 tractus
1290 2741 1298 2754 '
1315 2743 1358 2782 (c.
1375 2750 1427 2782 55,
1443 2743 1490 2784 4).

1061 2793 1110 2815 22.
1121 2786 1179 2815 tui
1189 2787 1306 2823 copia,
1322 2790 1330 2802 ‘
1341 2796 1451 2818 access
1464 2791 1500 2818 to
1512 2797 1577 2829 you
1588 2797 1596 2819 :
1608 2785 1618 2800 ’
1634 2797 1672 2819 so
1686 2791 1696 2806 ⁴
1706 2788 1777 2820 eius

1014 2826 1131 2869 copia'
1148 2828 1358 2861 Plaut.Trin.
1373 2838 1402 2869 3.
1424 2839 1452 2866 2,
1465 2839 1529 2871 45;
1553 2830 1626 2863 Ter.
1640 2830 1774 2863 Phorm.
1828 2859 1832 2877 e

1015 2879 1043 2902 1.
1074 2881 1101 2909 2,
1125 2870 1186 2912 63:
1220 2882 1312 2905 more
1338 2873 1478 2917 usually,
1503 2873 1585 2907 with
1617 2875 1774 2907 ‘conven-
1827 2880 1832 2906 f

1012 2914 1122 2948 iendi.’
